@inproceedings{albarghouthi13,
  author = {Aws Albarghouthi and Ken Mcmillan},
  title = {Beautiful Interpolants},
  booktitle = {Proceedings of the 25th international conference on Computer Aided Verification},
  series = {CAV'13},
  year = {2013},
  location = {Saint Petersburg, Russia},
  url = {http://www.cs.utoronto.ca/~aws/papers/cav13b.pdf},
}
